<?xml version="1.0" encoding="UTF-8"?><collection xmlns="http://www.loc.gov/MARC21/slim"><record><leader>00584nam--2200193-i-4500</leader><controlfield tag="001">000017194</controlfield><controlfield tag="002">20161230</controlfield><controlfield tag="005">20170118000058</controlfield><controlfield tag="008">060222s1000------------r-----000-0-eng-d</controlfield><datafield ind1=" " ind2=" " tag="020"><subfield code="a">9971950464</subfield></datafield><datafield ind1=" " ind2=" " tag="040"><subfield code="a">IFIN-HH</subfield></datafield><datafield ind1=" " ind2=" " tag="080"><subfield code="a">539.12.162.8(061.3)</subfield></datafield><datafield ind1="1" ind2=" " tag="100"><subfield code="a">Jacob, Maurice</subfield></datafield><datafield ind1="1" ind2="0" tag="245"><subfield code="a">Quark matter formation and heavy ion collisions</subfield><subfield code="b">Proceedings of tha Bielefeld workshop May 1982</subfield><subfield code="c">M. Jacob, H. Satz (eds.)</subfield></datafield><datafield ind1=" " ind2=" " tag="260"><subfield code="a">Singapore</subfield><subfield code="b">World Scientific Publishing</subfield><subfield code="c">1982</subfield></datafield><datafield ind1=" " ind2=" " tag="300"><subfield code="a">586 p</subfield></datafield><datafield ind1="1" ind2=" " tag="700"><subfield code="a">Satz, H</subfield><subfield code="e">Ed</subfield></datafield><datafield ind1=" " ind2=" " tag="852"><subfield code="a">80109</subfield><subfield code="c">539.17</subfield></datafield><datafield ind1=" " ind2=" " tag="CAT"><subfield code="a">SYS</subfield><subfield code="c">20170118</subfield><subfield code="h">000058</subfield></datafield></record></collection>